<?xml version="1.0" encoding="UTF-8"?>
<record xmlns="http://www.loc.gov/MARC21/slim" xmlns:xsi="http://www.w3.org/2001/XMLSchema-instance" xsi:schemaLocation="http://www.loc.gov/MARC21/slim http://www.loc.gov/standards/marcxml/schema/MARC21slim.xsd">
<leader>     cam a2200277   4500</leader>
<controlfield tag="001">001678192</controlfield>
<controlfield tag="003">NNU</controlfield>
<controlfield tag="005">20001218203704.0</controlfield>
<controlfield tag="008">850225s1969    iq abc   b    000 0 arax</controlfield>
<datafield tag="010" ind1=" " ind2=" ">
<subfield code="a">79257216</subfield>
</datafield>
<datafield tag="035" ind1="9" ind2=" ">
<subfield code="a">NYUb12221577</subfield>
</datafield>
<datafield tag="035" ind1=" " ind2=" ">
<subfield code="a">NNSZ00202230</subfield>
</datafield>
<datafield tag="035" ind1=" " ind2=" ">
<subfield code="a">(CStRLIN)NYPG002001631-B</subfield>
</datafield>
<datafield tag="040" ind1=" " ind2=" ">
<subfield code="c">NN</subfield>
<subfield code="d">NN</subfield>
</datafield>
<datafield tag="043" ind1=" " ind2=" ">
<subfield code="a">a-iq---</subfield>
</datafield>
<datafield tag="050" ind1="0" ind2=" ">
<subfield code="a">DS79.9.S5</subfield>
<subfield code="b">S5</subfield>
</datafield>
<datafield tag="100" ind1="1" ind2=" ">
<subfield code="a">Sharqī, Ṭālib ʻAlī.</subfield>
</datafield>
<datafield tag="245" ind1="1" ind2="0">
<subfield code="a">ʻAyn al-Tamr,</subfield>
<subfield code="b">dirāsah jughrāfīyah ijtimāʻīyah tārīkhīyah li- ʻAyn al-Tamr wa-Shifāthā wa-mā yuḥīṭu bi-himā</subfield>
<subfield code="c">[taʼlīf] Ṭālib ʻAlī al-Sharqī.</subfield>
</datafield>
<datafield tag="260" ind1=" " ind2=" ">
<subfield code="a">al-Najaf,</subfield>
<subfield code="b">Maṭbaʻat al- Ādāb,</subfield>
<subfield code="c">1969.</subfield>
</datafield>
<datafield tag="300" ind1=" " ind2=" ">
<subfield code="a">284 p.</subfield>
<subfield code="b">illus., map, ports.</subfield>
<subfield code="c">25cm.</subfield>
</datafield>
<datafield tag="500" ind1=" " ind2=" ">
<subfield code="a">In Arabic.</subfield>
</datafield>
<datafield tag="504" ind1=" " ind2=" ">
<subfield code="a">Bibliography: p. 233-239.</subfield>
</datafield>
<datafield tag="651" ind1=" " ind2="0">
<subfield code="a">Shithāthah.</subfield>
</datafield>
<datafield tag="651" ind1=" " ind2="0">
<subfield code="a">ʻAyn al-Tamr.</subfield>
</datafield>
<datafield tag="OWN" ind1=" " ind2=" ">
<subfield code="a">GENERAL</subfield>
</datafield>
<datafield tag="950" ind1=" " ind2=" ">
<subfield code="l">BMAIN</subfield>
<subfield code="a">DS79.9.S5</subfield>
<subfield code="b">S5</subfield>
</datafield>
<datafield tag="955" ind1=" " ind2=" ">
<subfield code="l">BMAIN</subfield>
<subfield code="c">1</subfield>
<subfield code="r">028241415</subfield>
</datafield>
<datafield tag="998" ind1=" " ind2=" ">
<subfield code="s">9115</subfield>
</datafield>
<datafield tag="AVA" ind1=" " ind2=" ">
<subfield code="a">NYU50</subfield>
<subfield code="b">BOBST</subfield>
<subfield code="c">Main Collection</subfield>
<subfield code="d">DS79.9.S5 S5</subfield>
<subfield code="e">unavailable</subfield>
<subfield code="t">Unavailable</subfield>
<subfield code="f">1</subfield>
<subfield code="g">1</subfield>
<subfield code="h">N</subfield>
<subfield code="i">0</subfield>
<subfield code="j">MAIN</subfield>
<subfield code="k">0</subfield>
</datafield>
</record>
